<?xml version="1.0" encoding="UTF-8"?><collection xmlns="http://www.loc.gov/MARC21/slim"><record><leader>00528nam--2200193-i-4500</leader><controlfield tag="001">000044164</controlfield><controlfield tag="002">20161230</controlfield><controlfield tag="005">20161230201044</controlfield><controlfield tag="008">060222s1000------------r-----000-0-fre-d</controlfield><datafield ind1=" " ind2=" " tag="040"><subfield code="a">IFIN-HH</subfield></datafield><datafield ind1=" " ind2=" " tag="041"><subfield code="a">fre</subfield></datafield><datafield ind1=" " ind2=" " tag="080"><subfield code="a">519.4(075.8)</subfield></datafield><datafield ind1="1" ind2=" " tag="100"><subfield code="a">Pukanszky, L</subfield></datafield><datafield ind1="1" ind2="0" tag="245"><subfield code="a">Lecons sur les representations des groupes</subfield><subfield code="b">Vol. 2</subfield><subfield code="c">L. pukanszky</subfield></datafield><datafield ind1=" " ind2=" " tag="260"><subfield code="a">Paris</subfield><subfield code="b">Dunod</subfield><subfield code="c">1967</subfield></datafield><datafield ind1=" " ind2=" " tag="300"><subfield code="a">VIII+178P</subfield></datafield><datafield ind1=" " ind2=" " tag="490"><subfield code="a">Monographies De La Societe Mathematique De France</subfield></datafield><datafield ind1=" " ind2=" " tag="852"><subfield code="a">40015</subfield><subfield code="c">519.4/5</subfield></datafield><datafield ind1=" " ind2=" " tag="CAT"><subfield code="a">Sys</subfield><subfield code="c">20130813</subfield><subfield code="h">125348</subfield></datafield></record></collection>